@inproceedings{edm2014-adaptive-facts,
   author = {Papou{\v{s}}ek, Jan and Pel{\'a}nek, Radek and Stanislav, V{\'\i}t},
   address = {London},
   booktitle = {Proceedings of the 7th International Conference on Educational Data Mining},
   isbn = {978-0-9839525-4-1},
   pages = {6-13},
   title = {Adaptive Practice of Facts in Domains with Varied Prior Knowledge},
   year = {2014}
}
@inproceedings{aied2015-impact,
   author = {Papoušek, Jan and Pelánek, Radek},
   address = {Madrid},
   booktitle = {Artificial Intelligence in Education},
   location = {Madrid},
   isbn = {978-3-319-19772-2},
   pages = {348-357},
   publisher = {Springer International Publishing},
   title = {Impact of Adaptive Educational System Behaviour on Student Motivation},
   year = {2015},
   note = {Best student paper award}
}
@inproceedings{edm2015-response-times,
   title={An Analysis of Response Times in Adaptive Practice of Geography Facts},
   author={Papou{\v{s}}ek, Jan and Pel{\'a}nek, Radek and {\v{R}}{\'\i}h{\'a}k, Ji{\v{r}}{\'\i} and Stanislav, V{\'\i}t},
   booktitle = {Proceedings of the 8th International Conference on Educational Data Mining},
   location = {Madrid},
   publisher = {International Educational Data Mining Society},
   year = {2015}
}
@inproceedings{aied2015-workshop-simulated,
  author = {Juraj Ni\v{z}nan and Jan Papou\v{s}ek and Radek Pel\'anek},
  title = {Exploring the Role of Small Differences in Predictive Accuracy using  Simulated Data},
  booktitle = {AIED Workshop on Simulated Learners},
  year = {2015}
}
@inproceedings{lak2016-evaluation,
  title={Evaluation of an adaptive practice system for learning geography facts},
  author={Papou{\v{s}}ek, Jan and Stanislav, V{\'\i}t and Pel{\'a}nek, Radek},
  booktitle={Proceedings of the Sixth International Conference on Learning Analytics \& Knowledge},
  pages={134--142},
  year={2016},
  organization={ACM}
}
@inproceedings{lak2016-data-collection,
  author={Radek Pel\'{a}nek and Ji\v{r}\'i \v{R}ih\'ak and Jan Papou\v{s}ek},
  title={Impact of Data Collection on Interpretation and Evaluation of Student Model},
  booktitle={Learning Analytics \& Knowledge},
  pages={40--47},
  year={2016},
  organization={ACM},
  note={Best paper nominee}
}
@inproceedings{its2016-impact,
  title={Impact of question difficulty on engagement and learning},
  author={Papou{\v{s}}ek, Jan and Stanislav, V{\'\i}t and Pel{\'a}nek, Radek},
  booktitle={International Conference on Intelligent Tutoring Systems},
  pages={267--272},
  year={2016},
  organization={Springer}
}
@article{umuai2016-elo,
  author={Pel{\'a}nek, Radek and Papou{\v{s}}ek, Jan and {\v{R}}ih{\'a}k, Ji{\v{r}}{\'i} and Stanislav, V{\'i}t and Ni{\v{z}}nan, Juraj},
  title={Elo-based learner modeling for the adaptive practice of facts},
  journal={User Modeling and User-Adapted Interaction},
  year={2016},
  pages={1--30},
  doi={10.1007/s11257-016-9185-7}
}
